@article{japonci2,
title = "Statistical data analysis method for multi-zonal airflow measurement using multiple kinds of perfluorocarbon tracer gas",
journal = "Building and Environment",
volume = "44",
number = "3",
pages = "546 - 557",
year = "2009",
issn = "0360-1323",
doi = "https://doi.org/10.1016/j.buildenv.2008.04.014",
url = "http://www.sciencedirect.com/science/article/pii/S0360132308000905",
author = "Hiroyasu Okuyama and Yoshinori Onishi and Shin-ichi Tanabe and Seiichi Kashihara",
keywords = "Multi-zonal airflow measurement, Perfluorocarbon tracer gas, Least squares, Error analysis"
}

@article{sherman,
author = {Sherman, Max and Walker, Iain and Lunden, Melissa},
year = {2014},
month = {06},
pages = {13-27},
title = {Uncertainties in Air Exchange using Continuous-Injection, Long-Term Sampling Tracer-Gas Methods},
volume = {13},
journal = {International Journal of Ventilation},
doi = {10.1080/14733315.2014.11684034}
}

@MANUAL{metodika,
    title = {Metodika stanovení výměny vzduchu ve vnitřním ovzduší budov s využitím pasivních integrálních měřidel indikačních plynů (pro potřeby SÚJB)},
    author = {Karel Jílek and Aleš Froňka},
    date={2016-11-25},
    urldate={2019-08-01},
    url={https://www.sujb.cz/fileadmin/sujb/docs/dokumenty/metodiky/Stanoveni_vymeny_vzduchu.pdf},
    organization={Státní ústav radiační ochrany, v.v.i.}
}
