@article{japonci2,
title = "Statistical data analysis method for multi-zonal airflow measurement using multiple kinds of perfluorocarbon tracer gas",
journal = "Building and Environment",
volume = "44",
number = "3",
pages = "546 - 557",
year = "2009",
issn = "0360-1323",
doi = "https://doi.org/10.1016/j.buildenv.2008.04.014",
url = "http://www.sciencedirect.com/science/article/pii/S0360132308000905",
author = "Hiroyasu Okuyama and Yoshinori Onishi and Shin-ichi Tanabe and Seiichi Kashihara",
keywords = "Multi-zonal airflow measurement, Perfluorocarbon tracer gas, Least squares, Error analysis",
abstract = "Conventional multi-zonal ventilation measurement methods by multiple types of perfluorocarbon tracers use a number of different gases equal to the number of zones (n). The possible n×n+n airflows are estimated from the mass balance of the gases and the airflow balance. However, some airflows may not occur because of inter-zonal geometry, and the introduction of unnecessary, unknown parameters can impair the accuracy of the estimation. Also, various error factors often yield an irrational negative airflow rate. Conventional methods are insufficient for the evaluation of error. This study describes a way of using the least-squares technique to improve the precision of estimation and to evaluate reliability. From the equations’ residual, the error variance–covariance matrix Λq of the estimated airflow rate error is deduced. In addition, the coefficient of determinant using the residual sum of squares and total variation is introduced. Furthermore, the error matrix mΛq from the measurement errors in the gas concentration and gas emission rate is deduced. The discrepancy ratio of the model premises is defined by dividing the diagonal elements of the former by those of the latter. Moreover, the index of irrationality of the estimated negative airflow rate is defined, based on the different results of the three estimation methods. Some numerical experiments are also carried out to verify the flow rate estimation and the reliability evaluation theory."
}

@article{sherman,
author = {Sherman, Max and Walker, Iain and Lunden, Melissa},
year = {2014},
month = {06},
pages = {13-27},
title = {Uncertainties in Air Exchange using Continuous-Injection, Long-Term Sampling Tracer-Gas Methods},
volume = {13},
journal = {International Journal of Ventilation},
doi = {10.1080/14733315.2014.11684034}
}

@article{japonci,
author = {Shinohara, Naohide and Kataoka, Toshiyuki and Takamine, Koichi and Butsugan, Michio and Nishijima, Hirokazu and Gamo, Masashi},
year = {2010},
month = {09},
pages = {3348-58},
title = {Modified Perfluorocarbon Tracer Method for Measuring Effective Multizone Air Exchange Rates},
volume = {7},
journal = {International journal of environmental research and public health},
doi = {10.3390/ijerph7093348}
}

@report{rovMer_8Rn,
	author = {D. Dzhunakova and Kremena Ivanova},
	title = {Radon Concentration PEMP-09E/05.03.2019 (report výsledků měření)},
	institution = {National Radiation Protection Institute (NRPI)},
	year = {2019}}

@online{testo,
	organization = {Testo SE \& Co. KGaA},
	title = {testo 174 H - datalogger teploty a vlhkosti},
	date = {2019},
	url = {https://www.testo.com/cz-CZ/testo-174-h/p/0572-6560},
	urldate = {2019-07-29},
}
@online{alphaguard,
	organization = {BERTIN INSTRUMENTS},
	title = {AlphaGUARD – Radon monitor},
	date = {2016},
	url = {https://www.bertin-instruments.com/product/radon-professional-monitoring/radon-alphaguard/},
	urldate = {2019-07-29},
}
@online{tera,
	organization = {TESLA a. s.},
	title = {WLAN bezdrátová a USB radonová sonda TSR4 (TSR3D verze s displejem)},
	date = {2014},
	url = {https://www.tesla.cz/cz/tera-tsr3/},
	urldate = {2019-07-30},
}
@online{canary,
	organization = {Airthings},
	title = {A radon detector for everyone},
	date = {2019},
	url = {https://www.airthings.com/en-us/home},
	urldate = {2019-07-30},
}

@MANUAL{metodika,
    title = {Metodika stanovení výměny vzduchu ve vnitřním ovzduší budov s využitím pasivních integrálních měřidel indikačních plynů (pro potřeby SÚJB)},
    author = {Karel Jílek and Aleš Froňka},
    date={2016-11-25},
    urldate={2019-08-01},
    url={https://www.sujb.cz/fileadmin/sujb/docs/dokumenty/metodiky/Stanoveni_vymeny_vzduchu.pdf},
    organization={Státní ústav radiační ochrany, v.v.i.}

}

@online{wiki_radon,
	author = {Wikipedie, Otevřená encyklopedie},
	title = {Radon},
	date = {2019-06-27},
	url = {https://cs.wikipedia.org/wiki/Radon},
	urldate = {2019-08-12},
}

@online{vyhlaska,
	title = {VYHLÁŠKA ze dne 14. prosince 2016 o radiační ochraně a zabezpečení radionuklidového zdroje},
	date = {2012-12-23},
	url = {https://www.sujb.cz/fileadmin/sujb/docs/legislativa/vyhlasky/sb0172-2016.pdf},
	urldate = {2019-08-12},
}

@online{SURO,
	author = {Státní ústav radiační ochrany, v. v. i.},
	title = {Přírodní radioaktivita a problematika radonu},
	url = {https://www.suro.cz/cz/prirodnioz},
	urldate = {2019-08-12},
}

@online{markes,
	organization = {MARKES international},
	title = {Thermal desorption sorbent tubes for air sampling},
	url = {https://www.markes.com/Products/Sampling-accessories/Sorbent-tubes/default.aspx},
	urldate = {2019-08-15},
}

@online{uncertainties,
	author = {Eric O. Legibot},
	title = {Uncertainties: a Python package for calculations with uncertainties},
	url = {https://pythonhosted.org/uncertainties/},
	urldate = {2019-08-16},
}

@online{spline,
	title = {scipy.interpolate.CubicSpline},
	url = {https://docs.scipy.org/doc/scipy-0.18.1/reference/generated/scipy.interpolate.CubicSpline.html},
    date = {2016-09-19},
	urldate = {2019-08-21},
}

@online{wiki_OLS,
	author = {Wikipedia, The Free Encyclopedia},
	title = {Linear least squares},
	date = {2019-03-04},
	url = {https://en.wikipedia.org/wiki/Linear_least_squares},
	urldate = {2019-08-21},
}

